@article{smets2007shocks,
  title={Shocks and frictions in US business cycles: A Bayesian DSGE approach},
  author={Smets, Frank and Wouters, Rafael},
  journal={American Economic Review},
  volume={97},
  number={3},
  pages={586d-606},
  year={2007},
  publisher={American Economic Association}
}

@article{acharya2020understanding,
  title={Understanding HANK: Insights from a PRANK},
  author={Acharya, Sushant and Dogra, Keshav},
  journal={Econometrica},
  volume={88},
  number={3},
  pages={1113--1158},
  year={2020},
  publisher={Wiley Online Library}
}

@article{eskelinen2021monetary,
  title={Monetary policy, agent heterogeneity and inequality: insights from a three-agent New Keynesian model},
  author={Eskelinen, Maria},
  year={2021},
  publisher={ECB Working Paper}
}

@article{bilbiie2024monetary,
  title={Monetary policy and heterogeneity: An analytical framework},
  author={Bilbiie, Florin O},
  journal={Review of Economic Studies},
  pages={rdae066},
  year={2024},
  publisher={Oxford University Press UK}
}

@article{mckay2016power,
  title={The power of forward guidance revisited},
  author={McKay, Alisdair and Nakamura, Emi and Steinsson, J{\'o}n},
  journal={American Economic Review},
  volume={106},
  number={10},
  pages={3133--3158},
  year={2016},
  publisher={American Economic Association 2014 Broadway, Suite 305, Nashville, TN 37203}
}

@article{krusell1998income,
  title={Income and wealth heterogeneity in the macroeconomy},
  author={Krusell, Per and Smith, Jr, Anthony A},
  journal={Journal of Political Economy},
  volume={106},
  number={5},
  pages={867--896},
  year={1998},
  publisher={The University of Chicago Press}
}

@article{kaplan2018monetary,
  title={Monetary policy according to HANK},
  author={Kaplan, Greg and Moll, Benjamin and Violante, Giovanni L},
  journal={American Economic Review},
  volume={108},
  number={3},
  pages={697--743},
  year={2018},
  publisher={American Economic Association 2014 Broadway, Suite 305, Nashville, TN 37203}
}

@article{gong2023decomposing,
  title={Decomposing HANK},
  author={Gong, Zheng},
  year={2023}
}

@article{woodford2005interest,
  title={Interest and prices: Foundations of a theory of monetary policy},
  author={Woodford, Michael and Walsh, Carl E},
  journal={Macroeconomic Dynamics},
  volume={9},
  number={3},
  pages={462--468},
  year={2005},
  publisher={Cambridge University Press}
}

@article{violante2021have,
  title={What have we learned from HANK models, thus far?},
  author={Violante, Gianluca},
  journal={Beyond the pandemic: the future of monetary policy},
  pages={267},
  year={2021}
}

@article{josheski2024heterogeneous,
  title={Heterogeneous agent (HA) models and two-asset HANK model: Review of some computational models},
  author={Josheski, Dushko and Apostolov, Mico},
  journal={Southeast European Review of Business and Economics (SERBE)},
  volume={4},
  number={2},
  pages={32--66},
  year={2024},
  publisher={Faculty of Economics-Prilep}
}

@techreport{auclert2020micro,
  title={Micro jumps, macro humps: Monetary policy and business cycles in an estimated HANK model},
  author={Auclert, Adrien and Rognlie, Matthew and Straub, Ludwig},
  year={2020},
  institution={National Bureau of Economic Research}
}

@article{acharya2023optimal,
  title={Optimal monetary policy according to HANK},
  author={Acharya, Sushant and Challe, Edouard and Dogra, Keshav},
  journal={American Economic Review},
  volume={113},
  number={7},
  pages={1741--1782},
  year={2023},
  publisher={American Economic Association 2014 Broadway, Suite 305, Nashville, TN 37203}
}

@article{fernandez2024inequality,
  title={Inequality and the zero lower bound},
  author={Fern{\'a}ndez-Villaverde, Jes{\'u}s and Marbet, Jo{\"e}l and Nu{\~n}o, Galo and Rachedi, Omar},
  journal={Journal of Econometrics},
  pages={105819},
  year={2024},
  publisher={Elsevier}
}

@article{mckay2021optimal,
  title={Optimal automatic stabilizers},
  author={McKay, Alisdair and Reis, Ricardo},
  journal={The Review of Economic Studies},
  volume={88},
  number={5},
  pages={2375--2406},
  year={2021},
  publisher={Oxford University Press}
}

@article{bayer2019precautionary,
  title={Precautionary savings, illiquid assets, and the aggregate consequences of shocks to household income risk},
  author={Bayer, Christian and Luetticke, Ralph and Pham-Dao, Lien and Tjaden, Volker},
  journal={Econometrica},
  volume={87},
  number={1},
  pages={255--290},
  year={2019},
  publisher={Wiley Online Library}
}

@article{bilbiie2020new,
  title={The new Keynesian cross},
  author={Bilbiie, Florin O},
  journal={Journal of Monetary Economics},
  volume={114},
  pages={90--108},
  year={2020},
  publisher={Elsevier}
}

@article{gornemann2016doves,
  title={Doves for the rich, hawks for the poor? Distributional consequences of monetary policy},
  author={Gornemann, Nils and Kuester, Keith and Nakajima, Makoto},
  year={2016},
  publisher={CEPR Discussion Paper No. DP11233}
}

@article{bayer2024shocks,
  title={Shocks, frictions, and inequality in US business cycles},
  author={Bayer, Christian and Born, Benjamin and Luetticke, Ralph},
  journal={American Economic Review},
  volume={114},
  number={5},
  pages={1211--1247},
  year={2024},
  publisher={American Economic Association 2014 Broadway, Suite 305, Nashville, TN 37203}
}

@article{auclert2019monetary,
  title={Monetary policy and the redistribution channel},
  author={Auclert, Adrien},
  journal={American Economic Review},
  volume={109},
  number={6},
  pages={2333--2367},
  year={2019},
  publisher={American Economic Association 2014 Broadway, Suite 305, Nashville, TN 37203}
}

@article{mckay2022optimal,
  title={Optimal policy rules in hank},
  author={McKay, Alisdair and Wolf, Christian},
  year={2022},
  publisher={Mimeo. 1}
}

@article{mckay2023monetary,
  title={Monetary policy and inequality},
  author={McKay, Alisdair and Wolf, Christian K},
  journal={Journal of Economic Perspectives},
  volume={37},
  number={1},
  pages={121--144},
  year={2023},
  publisher={American Economic Association 2014 Broadway, Suite 305, Nashville, TN 37203-2418}
}

@inproceedings{auclert2023trickling,
  title={The trickling up of excess savings},
  author={Auclert, Adrien and Rognlie, Matthew and Straub, Ludwig},
  booktitle={AEA Papers and Proceedings},
  volume={113},
  pages={70--75},
  year={2023},
  organization={American Economic Association 2014 Broadway, Suite 305, Nashville, TN 37203}
}

@article{auclert2021using,
  title={Using the sequence-space Jacobian to solve and estimate heterogeneous-agent models},
  author={Auclert, Adrien and Bard{\'o}czy, Bence and Rognlie, Matthew and Straub, Ludwig},
  journal={Econometrica},
  volume={89},
  number={5},
  pages={2375--2408},
  year={2021},
  publisher={Wiley Online Library}
}

@article{reiter2009solving,
  title={Solving heterogeneous-agent models by projection and perturbation},
  author={Reiter, Michael},
  journal={Journal of Economic Dynamics and Control},
  volume={33},
  number={3},
  pages={649--665},
  year={2009},
  publisher={Elsevier}
}

@article{calvo1983staggered,
  title={Staggered prices in a utility-maximizing framework},
  author={Calvo, Guillermo A},
  journal={Journal of monetary Economics},
  volume={12},
  number={3},
  pages={383--398},
  year={1983},
  publisher={Elsevier}
}

@inproceedings{taylor1993discretion,
  title={Discretion versus policy rules in practice},
  author={Taylor, John B},
  booktitle={Carnegie-Rochester conference series on public policy},
  volume={39},
  pages={195--214},
  year={1993},
  organization={Elsevier}
}

@article{kopecky2010finite,
  title={Finite state Markov-chain approximations to highly persistent processes},
  author={Kopecky, Karen A and Suen, Richard MH},
  journal={Review of Economic Dynamics},
  volume={13},
  number={3},
  pages={701--714},
  year={2010},
  publisher={Elsevier}
}

@article{rotemberg1982sticky,
  title={Sticky prices in the United States},
  author={Rotemberg, Julio J},
  journal={Journal of political economy},
  volume={90},
  number={6},
  pages={1187--1211},
  year={1982},
  publisher={The University of Chicago Press}
}

@article{heathcote2017optimal,
  title={Optimal tax progressivity: An analytical framework},
  author={Heathcote, Jonathan and Storesletten, Kjetil and Violante, Giovanni L},
  journal={The Quarterly Journal of Economics},
  volume={132},
  number={4},
  pages={1693--1754},
  year={2017},
  publisher={Oxford University Press}
}

@article{benabou2002tax,
  title={Tax and education policy in a heterogeneous-agent economy: What levels of redistribution maximize growth and efficiency?},
  author={Benabou, Roland},
  journal={Econometrica},
  volume={70},
  number={2},
  pages={481--517},
  year={2002},
  publisher={Wiley Online Library}
}

@article{feldstein1969effects,
  title={The effects of taxation on risk taking},
  author={Feldstein, Martin S},
  journal={Journal of Political Economy},
  volume={77},
  number={5},
  pages={755--764},
  year={1969},
  publisher={The University of Chicago Press}
}

@article{richter2016rotemberg,
  title={Is Rotemberg pricing justified by macro data?},
  author={Richter, Alexander W and Throckmorton, Nathaniel A},
  journal={Economics Letters},
  volume={149},
  pages={44--48},
  year={2016},
  publisher={Elsevier}
}

@article{bayer2018solving,
  title={Solving heterogeneous agent models in discrete time with many idiosyncratic states by perturbation methods},
  author={Bayer, Christian and Luetticke, Ralph},
  year={2018},
  publisher={CEPR Discussion Paper No. DP13071}
}

@article{carroll2006method,
  title={The method of endogenous gridpoints for solving dynamic stochastic optimization problems},
  author={Carroll, Christopher D},
  journal={Economics letters},
  volume={91},
  number={3},
  pages={312--320},
  year={2006},
  publisher={Elsevier}
}

@article{young2010solving,
  title={Solving the incomplete markets model with aggregate uncertainty using the Krusell--Smith algorithm and non-stochastic simulations},
  author={Young, Eric R},
  journal={Journal of Economic Dynamics and Control},
  volume={34},
  number={1},
  pages={36--41},
  year={2010},
  publisher={Elsevier}
}

@article{winberry2018method,
  title={A method for solving and estimating heterogeneous agent macro models},
  author={Winberry, Thomas},
  journal={Quantitative Economics},
  volume={9},
  number={3},
  pages={1123--1151},
  year={2018},
  publisher={Wiley Online Library}
}

@article{acharya2023estimating,
  title={Estimating HANK for central banks},
  author={Acharya, Sushant and Chen, William and Del Negro, Marco and Dogra, Keshav and Gleich, Aidan and Goyal, Shlok and Matlin, Ethan and Lee, Donggyu and Sarfati, Reca and Sengupta, Sikata},
  journal={FRB of New York Staff Report},
  number={1071},
  year={2023}
}

@article{chetty2012bounds,
  title={Bounds on elasticities with optimization frictions: A synthesis of micro and macro evidence on labor supply},
  author={Chetty, Raj},
  journal={Econometrica},
  volume={80},
  number={3},
  pages={969--1018},
  year={2012},
  publisher={Wiley Online Library}
}

@article{storesletten2004cyclical,
  title={Cyclical dynamics in idiosyncratic labor market risk},
  author={Storesletten, Kjetil and Telmer, Chris I and Yaron, Amir},
  journal={Journal of political Economy},
  volume={112},
  number={3},
  pages={695--717},
  year={2004},
  publisher={The University of Chicago Press}
}

@article{de2020rise,
  title={The rise of market power and the macroeconomic implications},
  author={De Loecker, Jan and Eeckhout, Jan and Unger, Gabriel},
  journal={The Quarterly Journal of Economics},
  volume={135},
  number={2},
  pages={561--644},
  year={2020},
  publisher={Oxford University Press}
}

@article{iao2024estimating,
  title={Estimating HANK with Micro Data},
  author={Iao, Man Chon and Selvakumar, Yatheesan J},
  journal={arXiv preprint arXiv:2402.11379},
  year={2024}
}
